%https://en.wikibooks.org/wiki/LaTeX/Bibliography_Management


@techreport{FirstActorArticle,
    author    = "{{Carl Hewitt; Peter Bishop; Richard Steiger}}",
    title     = "A Universal Modular Actor Formalism for Artificial Intelligence",
    institution = "IJCAI",
	year = 1973
}

@misc{AkkaSiteWeb,
    key             = {Akka},
    title           = {Akka},
	howpublished    = {\url{https://akka.io/}}
}